<record xmlns="http://www.loc.gov/MARC21/slim" xmlns:xsi="http://www.w3.org/2001/XMLSchema-instance" xsi:schemaLocation="http://www.loc.gov/MARC21/slim http://www.loc.gov/standards/marcxml/schema/MARC21slim.xsd"><leader>     nam a22        4500</leader><controlfield tag="001">002812165</controlfield><controlfield tag="003">NNU</controlfield><controlfield tag="006">m        d        </controlfield><controlfield tag="007">cr cn |||m|||a</controlfield><controlfield tag="008">150313s1903    ua      ob    000 1 ara d</controlfield><datafield ind1=" " ind2=" " tag="040"><subfield code="a">NNU</subfield><subfield code="b">eng</subfield><subfield code="c">NNU</subfield></datafield><datafield ind1="1" ind2=" " tag="100"><subfield code="a">Zayd&#257;n, Jirj&#299;,</subfield><subfield code="d">1861-1914.</subfield></datafield><datafield ind1="1" ind2="0" tag="245"><subfield code="a">Fat&#7717; al-Andalus</subfield><subfield code="h">[electronic resource] :</subfield><subfield code="b">riw&#257;yah t&#257;r&#299;kh&#299;yah ghar&#257;m&#299;yah /</subfield><subfield code="c">ta&#700;l&#299;f Jirj&#299; Zayd&#257;n.</subfield></datafield><datafield ind1=" " ind2=" " tag="260"><subfield code="a">[Cairo] :</subfield><subfield code="b">Ma&#7789;ba&#699;at al-&#7716;il&#257;l,</subfield><subfield code="c">1903.</subfield></datafield><datafield ind1=" " ind2=" " tag="300"><subfield code="a">online resource (214 p.)</subfield></datafield><datafield ind1=" " ind2=" " tag="500"><subfield code="a">Part of the Arabic Collections Online (ACO) project, contributed by New York Univeristy Libraries.</subfield></datafield><datafield ind1=" " ind2=" " tag="504"><subfield code="a">Includes bibliographical references</subfield></datafield><datafield ind1=" " ind2=" " tag="533"><subfield code="a">Electronic reproduction.</subfield><subfield code="b">New York, N.Y. :</subfield><subfield code="c">New York University,</subfield><subfield code="d">2015.</subfield><subfield code="5">NNU</subfield></datafield><datafield ind1="0" ind2="0" tag="600"><subfield code="a">&#7788;&#257;riq ibn Ziy&#257;d,</subfield><subfield code="d">fl. 711</subfield><subfield code="v">Fiction.</subfield></datafield><datafield ind1="2" ind2=" " tag="710"><subfield code="a">New York University.</subfield><subfield code="b">Libraries.</subfield></datafield><datafield ind1="0" ind2=" " tag="730"><subfield code="a">Arabic Collections Online.</subfield></datafield><datafield ind1="0" ind2="8" tag="776"><subfield code="i">Print version:</subfield><subfield code="a">Zayd&#257;n, Jirj&#299;, 1861-1914.</subfield><subfield code="t">Fat&#7717; al-Andalus</subfield><subfield code="w">(NNU)002812165</subfield></datafield><datafield ind1="4" ind2="0" tag="856"><subfield code="u">http://hdl.handle.net/2333.1/1vhhmk2g</subfield></datafield><datafield ind1=" " ind2=" " tag="959"><subfield code="a">NNU</subfield><subfield code="b">WEB</subfield><subfield code="c">GENI</subfield><subfield code="t">0</subfield><subfield code="m">Electronic access</subfield><subfield code="s">01</subfield></datafield><datafield ind1=" " ind2=" " tag="999"><subfield code="i">NNU_002812165</subfield><subfield code="s">nyu_aco000582</subfield><subfield code="e">(ERROR-880)</subfield></datafield></record>